@misc{Angular_17_Documentation,
  author = {Angular Team},
  title = {Angular 17 Documentation},
  year = {2023},
  url = {https://v17.angular.io/docs},
  note = {Accessed: 2025}
},
@misc{ASP.NET_Core_Documentation,
  author = {Microsoft},
  title = {ASP.NET Core Documentation},
  year = {2025},
  url = {https://learn.microsoft.com/en-us/aspnet/core/?view=aspnetcore-8.0},
  note = {Accessed: 2025}
},
@misc{Leaflet_Documentation,
  author = {Leaflet Team},
  title = {Leaflet Documentation},
  year = {2025},
  url = {https://leafletjs.com/reference.html},
  note = {Accessed: 2025}
},
@misc{materialdesign_Icons,
  author = {Google},
  title = {Material Design Icons},
  year = {2025},
  url = {https://fonts.google.com/icons},
  note = {Accessed: 2025}
},
@misc{Ornitho.pl,
  author = {Biolovision SÃ rl},
  title = {Ornitho.pl},
  year = {2025},
  url = {https://ornitho.pl},
  note = {Accessed: 2025}
},
@misc{Patki.info,
  author = {Patki.info},
  title = {Patki.info},
  year = {2025},
  url = {https://patki.info},
  note = {Accessed: 2025}
},